@MANUAL{dolak,
    title = "Big data, nové způsoby zpracování a analýzy velkých objemu dat",
    author = "Ondřej Dolák",
    url = " http://www.systemonline.cz/business-intelligence/big-data.htm",
    note = "cit. 2011-07-07",
    key = "svg"
}

@inproceedings{cap,
  title={Towards robust distributed systems},
  author={Brewer, Eric A},
  booktitle={PODC},
  pages={7},
  year={2000}
}

@inproceedings{cap3,
  title={Perspectives on the CAP Theorem},
  author={Gilbert, Seth and Lynch, Nancy Ann},
  year={2012},
  organization={Institute of Electrical and Electronics Engineers}
}

@article{cap2,
  title={CAP twelve years later: How the" rules" have changed},
  author={Brewer, Eric},
  journal={Computer},
  volume={45},
  number={2},
  pages={23--29},
  year={2012},
  publisher={IEEE}
}

@MANUAL{higgs,
    title = "Cassandra and Time Series {[online]}",
    author = "Patrick MCFadin",
    url = "http://www.slideshare.net/patrickmcfadin/cassandra-20-and-timeseries",
    note = "[cit. 2013-11-10]",
}

@MANUAL{cassaindex,
    title = "When to use an index",
    author = "Datastax",
    url = "http://www.datastax.com/documentation/cql/3.1/cql/ddl/ddl_when_use_index_c.html",
    note = "[cit. 2014-01-05]",
}

@MANUAL{gooddata,
    title = "GoodData",
    author = "",
    url = " http://www.gooddata.com",
    note = "[cit. 2013-11-10]",
}

@MANUAL{history,
    title = "The Analytics Big Bang {[online]}",
    author = "Fico.com",
    url = " http://visual.ly/look-history-and-future-predictive-analytics-and-big-data",
    note = "[cit. 2011-07-07]",
}


@MANUAL{industries,
    title = "Big Data Across Industriess{[online]}",
    author = "Swiss Big Data User Group",
    url = " http://www.slideshare.net/SwissHUG/big-data-usecases-across-industries-georg-polzer-teralytics",
    note = "[cit. 2012-25-09]",
}

@article{social,
  title={Critical questions for big data: Provocations for a cultural, technological, and scholarly phenomenon},
  author={Boyd, Danah and Crawford, Kate},
  journal={Information, Communication \& Society},
  volume={15},
  number={5},
  pages={662--679},
  year={2012},
  publisher={Taylor \& Francis}
}

@BOOK{hadoomdummies,
	title = "Hadoop for Dummies, ",
	author = "Robert D. Schneider",
	isbn = "978-1-118-25051-8",
	publisher = "John Wiley and Sons Canada",
	edition = "Special Edition"
}

@book{hadoop,
  title={Hadoop: The Definitive Guide: The Definitive Guide},
  author={White, Tom},
  year={2009},
  publisher={O'Reilly Media}
}

@article{tesco,
  title={Clouds, big data, and smart assets: Ten tech-enabled business trends to watch},
  author={Bughin, Jacques and Chui, Michael and Manyika, James},
  journal={McKinsey Quarterly},
  volume={56},
  number={1},
  pages={75--86},
  year={2010}
}

@article{sektory,
  title={Big data: The next frontier for innovation, competition, and productivity},
  author={Manyika, James and Chui, Michael and Brown, Brad and Bughin, Jacques and Dobbs, Richard and Roxburgh, Charles and Byers, Angela H},
  year={2011},
url = {http://www.mckinsey.com/insights/business_technology/big_data_the_next_frontier_for_innovation}

}
@article{ebay,
  title={Cassandra at Ebay},
  author={Ebay},
  year={2013},
url = {http://www.datastax.com/wp-content/uploads/2012/12/DataStax-CS-eBay.pdf}

}
@article{benchmark,
  title={Independent Benchmark Results Showing That Apache Cassandra Outperforms NoSQL Competitors by a Wide Margin},
  author={Datastax},
  year={2013},
url = {http://www.datastax.com/2013/02/datastax-releases-independent-benchmark-results-showing-that-apache-cassandra-outperforms-nosql-competitors-by-a-wide-margin}

}

@article{dbengines,
  title={DB-Engines Ranking of Wide Column Stores},
  author={DBEngines},
  year={2014},
url = {http://db-engines.com/en/ranking/wide+column+store}

}

@article{facebookcassandra,
  title={Cassandra: a decentralized structured storage system},
  author={Lakshman, Avinash and Malik, Prashant},
  journal={ACM SIGOPS Operating Systems Review},
  volume={44},
  number={2},
  pages={35--40},
  year={2010},
  publisher={ACM}
}

@article{lynch2008big,
  title={Big data: How do your data grow?},
  author={Lynch, Clifford},
  journal={Nature},
  volume={455},
  number={7209},
  pages={28--29},
  year={2008},
  publisher={Nature Publishing Group}
}

@inproceedings{gfs,
  title={The Google file system},
  author={Ghemawat, Sanjay and Gobioff, Howard and Leung, Shun-Tak},
  booktitle={ACM SIGOPS Operating Systems Review},
  volume={37},
  number={5},
  pages={29--43},
  year={2003},
  organization={ACM}
}

@article{dean2008mapreduce,
  title={MapReduce: simplified data processing on large clusters},
  author={Dean, Jeffrey and Ghemawat, Sanjay},
  journal={Communications of the ACM},
  volume={51},
  number={1},
  pages={107--113},
  year={2004},
  publisher={ACM}
}

@article{bigtable,
  title={Bigtable: A distributed storage system for structured data},
  author={Chang, Fay and Dean, Jeffrey and Ghemawat, Sanjay and Hsieh, Wilson C and Wallach, Deborah A and Burrows, Mike and Chandra, Tushar and Fikes, Andrew and Gruber, Robert E},
  journal={ACM Transactions on Computer Systems (TOCS)},
  volume={26},
  number={2},
  pages={4},
  year={2006},
  publisher={ACM}
}

